@article{sto03
    , AUTHOR = "Y. Stoyan and N. Gil and G. Scheithauer and A. Pankratov and I.Magdalina"
    , TITLE = "Packing of convex polytopes into a parallelepiped"
    , note = "Technical Report"
    , YEAR = 2003
}

@book{CGAL
    , title = "{CGAL} User and Reference Manual"
    , author = "{The CGAL Project}"
    , publisher = "{CGAL Editorial Board}"
    , edition = "{4.6}"
    , year = 2015
    , url = "http://doc.cgal.org/4.6/Manual/packages.html"
}

@misc{SMTLIB
    , author = {Clark Barrett and Aaron Stump and Cesare Tinelli}
    , title = {{The Satisfiability Modulo Theories Library (SMT-LIB)}}
    , howpublished = {{\tt www.SMT-LIB.org}}
    , year = 2010
}

@inproceedings{CVC4
    , author    = {Clark Barrett and Christopher L. Conway and Morgan Deters and Liana Hadarean and Dejan Jovanovic and Tim King and Andrew Reynolds and Cesare Tinelli}
    , title     = {{CVC4}}
    , booktitle = {CAV}
    , pages     = {171--177}
    , year      = {2011}
}

@inproceedings{OpenSMT
    , author = {Roberto Bruttomesso and Edgar Pek and Natasha Sharygina and Aliaksei Tsitovich}
    , title = {The OpenSMT Solver}
    , booktitle = {TACAS}
    , pages     = {150--153}
    , year      = {2010}
}

@inproceedings{Z3
    , author = {De Moura, Leonardo and Bj{\o}rner, Nikolaj}
    , title = {Z3: An Efficient SMT Solver}
    , series = {TACAS}
    , year = {2008}
    , pages = {337--340}
} 
